

@article{doe2013,
    author    = "Tanae Bousfiha",
    title     = "A very interesting article",
    journal   = "Famous Journal",
    volume    = "2",
    number    = "3",
    pages     = "10-15",
    year      = "2013",
    month     = "Jun",
}


@book{meyer2014,
    author    = "Bob Meyer and Sally Smith and Martin Green",
    title     = "The Book",
    publisher = "PublishMe Ltd.",
    year      = "2014",
    month    = "May",
}

@article{marcus_extensible_2007,
  author       = {Marcus, Daniel S. and Olsen, Timothy R. and Ramaratnam, Mohana and Buckner, Randy L.},
  title        = {The extensible neuroimaging archive toolkit},
  year         = {2007},
  month        = mar,
  journaltitle = {Neuroinformatics},
  volume       = {5},
  number       = {1},
  pages        = {11--33},
  issn         = {1559-0089},
  note ={\url{https://doi.org/10.1385/NI:5:1:11}},
}


@article{zaschke_extending_2024,
  author       = {Zaschke, Philip and Hempel, Philip and Bowden, James and Bender, Theresa and Hanß, Sabine and Spicher, Nicolai and Krefting, Dagmar},
  title        = {Extending the Biosignal and Imaging Data Managing Platform XNAT by High Performance Computing for Reproducible Processing},
  journal      = {Gesundheit – gemeinsam. Kooperationstagung der Deutschen Gesellschaft für Medizinische Informatik, Biometrie und Epidemiologie (GMDS), Deutschen Gesellschaft für Sozialmedizin und Prävention (DGSMP), Deutschen Gesellschaft für Epidemiologie (DGEpi), Deutschen Gesellschaft für Medizinische Soziologie (DGMS) und der Deutschen Gesellschaft für Public Health (DGPH)},
  year         = {2024},
  note ={\url{https://doi.org/10.3205/24gmds113}},
}




@article{jensen_mining_2012,
  author       = {Jensen, Peter B. and Jensen, Lars J. and Brunak, Søren},
  title        = {Mining Electronic Health Records: Towards Better Research Applications and Clinical Care},
  journal      = {Nature Reviews Genetics},
  volume       = {13},
  number       = {6},
  pages        = {395--405},
  month        = may,
  year         = {2012},
  note     = {\url{https://doi.org/10.1038/nrg3208}},
}


@article{rumsfeld_big_2016,
  author       = {Rumsfeld, John S. and Joynt, Karen E. and Maddox, Thomas M.},
  title        = {Big Data Analytics to Improve Cardiovascular Care: Promise and Challenges},
  journal      = {Nature Reviews Cardiology},
  volume       = {13},
  number       = {6},
  pages        = {350--359},
  month        = jun,
  year         = {2016},
  note = {\url{https://doi.org/10.1038/nrcardio.2016.42}},
}


@article{shah_coming_2012,
  author       = {Shah, Nigam H. and Tenenbaum, Jessica D.},
  title        = {The Coming Age of Data-Driven Medicine: Translational Bioinformatics' Next Frontier},
  journal      = {Journal of the American Medical Informatics Association},
  volume       = {19},
  number       = {e1},
  pages        = {e2--e4},
  month        = jun,
  year         = {2012},
  note = {\url{https://doi.org/10.1136/amiajnl-2012-000969}},
}


@article{escudero_sanchez_integrating_2023,
  author       = {Escudero Sanchez, Lorena and Buddenkotte, Thomas and Al Sa’d, Mohammad and McCague, Cathal and Darcy, James and Rundo, Leonardo and Samoshkin, Alex and Graves, Martin J. and Hollamby, Victoria and Browne, Paul and Crispin-Ortuzar, Mireia and Woitek, Ramona and Sala, Evis and Schönlieb, Carola-Bibiane and Doran, Simon J. and Öktem, Ozan},
  title        = {Integrating Artificial Intelligence Tools in the Clinical Research Setting: The Ovarian Cancer Use Case},
  journal      = {Diagnostics},
  volume       = {13},
  number       = {17},
  pages        = {2813},
  month        = aug,
  year         = {2023},
 note = {\url{https://doi.org/10.3390/diagnostics13172813}},
}



@article{chakrabarty_deep_2023,
  author       = {Chakrabarty, Satrajit and Abidi, Syed Amaan and Mousa, Mina and Mokkarala, Mahati and Kelsey, Matthew and LaMontagne, Pamela and Sotiras, Aristeidis and Marcus, Daniel S.},
  title        = {Deep Learning-Based End-to-End Scan-Type Classification, Pre-Processing, and Segmentation of Clinical Neuro-Oncology Studies},
  journal      = {Proceedings of SPIE -- The International Society for Optical Engineering},
  volume       = {12469},
  pages        = {124690N},
  month        = feb,
  year         = {2023},
  note      = {\url{https://doi.org/10.1117/12.2647656}},
}



@incollection{ahad_case_2025,
  author       = {Dwivedi, Bhanu and Newar, Nandini and Mahajan, Amiti and Jimmy, Abha Susan},
  title        = {Case Studies of Blockchain and AI Integration in Medical Systems},
  booktitle    = {AI and Blockchain Applications for Privacy and Security in Smart Medical Systems},
  editor       = {Ahad, Abdul and Ullah, Farhan},
  publisher    = {IGI Global},
  pages        = {133--160},
  month        = apr,
  year         = {2025},
  note ={\url{https://doi.org/10.4018/979-8-3373-0593-6.ch006}},
  
}





@article{shilo_axes_2020,
  author       = {Shilo, Smadar and Rossman, Hagai and Segal, Eran},
  title        = {Axes of a Revolution: Challenges and Promises of Big Data in Healthcare},
  journal      = {Nature Medicine},
  volume       = {26},
  number       = {1},
  pages        = {29--38},
  month        = jan,
  year         = {2020},
  note = {\url{https://doi.org/10.1038/s41591-019-0727-5}},
}



@article{krefting_somnolink_2025,
  author       = {Krefting, Dagmar and Arzt, Michael and Brandt, Moritz and Goldammer, Miriam and Ehrlich, Franz and Maurer, Joachim T. and Penzel, Thomas and Sehr, Tony and Rodenbeck, Andrea and Zaschke, Philip and Schöbel, Christoph},
  title        = {Somnolink – A National Initiative to Improve Data Sharing for Better Healthcare and Research in Obstructive Sleep Apnea},
  journal      = {GMS Medizinische Informatik, Biometrie und Epidemiologie},
  volume       = {21},
  year         = {2025},
  note    = {\url{https://doi.org/10.3205/mibe000280}},
}




@article{aung_promise_2021,
  author       = {Aung, Yuri Y. M. and Wong, David C. S. and Ting, Daniel S. W.},
  title        = {The Promise of Artificial Intelligence: A Review of the Opportunities and Challenges of Artificial Intelligence in Healthcare},
  journal      = {British Medical Bulletin},
  volume       = {139},
  number       = {1},
  pages        = {4--15},
  month        = sep,
  year         = {2021},
  note ={\url{https://doi.org/10.1093/bmb/ldab016}},
}


@article{hawkins_implementation_2023,
  author       = {Hawkins, James R. and Olson, Marram P. and Harouni, Ahmed and Qin, Ming Melvin and Hess, Christopher P. and Majumdar, Sharmila and Crane, Jason C.},
  title        = {Implementation and Prospective Real-Time Evaluation of a Generalized System for In-Clinic Deployment and Validation of Machine Learning Models in Radiology},
  journal      = {PLOS Digital Health},
  volume       = {2},
  number       = {8},
  pages        = {e0000227},
  month        = aug,
  year         = {2023},
  note ={\url{https://doi.org/10.1371/journal.pdig.0000227}},
}


@article{jansen_extending_2015,
  author       = {Jansen, Christoph and Beier, Maximilian and Witt, Michael and Wu, Jie and Krefting, Dagmar},
  title        = {Extending XNAT Towards a Cloud-Based Quality Assessment Platform for Retinal Optical Coherence Tomographies},
  journal      = {Scalable Computing: Practice and Experience},
  volume       = {16},
  number       = {1},
  month        = feb,
  year         = {2015},
  note = {\url{https://doi.org/10.12694/scpe.v16i1.1062}},
}
