

@article{doe2013,
    author    = "Tanae Bousfiha",
    title     = "A very interesting article",
    journal   = "Famous Journal",
    volume    = "2",
    number    = "3",
    pages     = "10-15",
    year      = "2013",
    month     = "Jun",
}


@book{meyer2014,
    author    = "Bob Meyer and Sally Smith and Martin Green",
    title     = "The Book",
    publisher = "PublishMe Ltd.",
    year      = "2014",
    month    = "May",
}

@article{marcus_extensible_2007,
	title = {The extensible neuroimaging archive toolkit},
	volume = {5},
	issn = {1559-0089},
	doi = {10.1385/NI:5:1:11},
	language = {en},
	number = {1},
	urldate = {2025-07-23},
	journal = {Neuroinformatics},
	author = {Marcus, Daniel S. and Olsen, Timothy R. and Ramaratnam, Mohana and Buckner, Randy L.},
	month = mar,
	year = {2007},
	keywords = {Biological Databases, Data publication and archiving, Data sharing, Data Storage Representation, database, Diffusion Tensor Imaging, Functional magnetic resonance imaging, genetics, informatics, metadata, neuroinformatics, open, Open Source, quality control, source, workflow, XML schema},
	pages = {11--33},
  note ={\url{https://doi.org/10.1385/NI:5:1:11}},
    
}

@article{zaschke_extending_2024,
  title     = {Extending the {Biosignal} and {Imaging} {Data} {Managing} {Platform} {XNAT} by {High} {Performance} {Computing} for {Reproducible} {Processing}},
  copyright = {Creative Commons Attribution 4.0 International},
  doi       = {10.3205/24GMDS113},
  language  = {en},
  urldate   = {2025-08-03},
  journal   = {Gesundheit – gemeinsam. Kooperationstagung der Deutschen Gesellschaft für Medizinische Informatik, Biometrie und Epidemiologie (GMDS), Deutschen Gesellschaft für Sozialmedizin und Prävention (DGSMP), Deutschen Gesellschaft für Epidemiologie (DGEpi), Deutschen Gesellschaft für Medizinische Soziologie (DGMS) und der Deutschen Gesellschaft für Public Health (DGPH)},
  author    = {Zaschke, Philip and Hempel, Philip and Bowden, James and Bender, Theresa and Hanß, Sabine and Spicher, Nicolai and Krefting, Dagmar},
  year      = {2024},
  keywords  = {XNAT, data analysis, efficiency, high performance computing, Medicine and health, reproducibility},
  note      = {Medium: text/html. Publisher: German Medical Science GMS Publishing House. \url{https://doi.org/10.3205/24gmds113}}
}



@article{jensen_mining_2012,
	title = {Mining electronic health records: towards better research applications and clinical care},
	volume = {13},
	issn = {1471-0064},
	shorttitle = {Mining electronic health records},
	doi = {10.1038/nrg3208},
	abstract = {Clinical data describing the phenotypes and treatment of patients represents an underused data source that has much greater research potential than is currently realized. Mining of electronic health records (EHRs) has the potential for establishing new patient-stratification principles and for revealing unknown disease correlations. Integrating EHR data with genetic data will also give a finer understanding of genotype-phenotype relationships. However, a broad range of ethical, legal and technical reasons currently hinder the systematic deposition of these data in EHRs and their mining. Here, we consider the potential for furthering medical research and clinical care using EHR data and the challenges that must be overcome before this is a reality.},
	language = {eng},
	number = {6},
	journal = {Nature Reviews. Genetics},
	author = {Jensen, Peter B. and Jensen, Lars J. and Brunak, Søren},
	month = may,
	year = {2012},
	pmid = {22549152},
	keywords = {Biomedical Research, Humans, Electronic Health Records, Genetic Association Studies, Information Dissemination, Medical Records Systems, Computerized, Patient Care, Primary Health Care, Public Health},
	pages = {395--405},
     note     = {\url{https://doi.org/10.1038/nrg3208}},
}


@article{rumsfeld_big_2016,
  title   = {Big data analytics to improve cardiovascular care: promise and challenges},
  author  = {Rumsfeld, John S. and Joynt, Karen E. and Maddox, Thomas M.},
  journal = {Nature Reviews Cardiology},
  volume  = {13},
  number  = {6},
  pages   = {350--359},
  year    = {2016},
  month   = jun,
  issn    = {1759-5010},
   note = {\url{https://doi.org/10.1038/nrcardio.2016.42}},
}




@article{shah_coming_2012,
	title = {The coming age of data-driven medicine: translational bioinformatics' next frontier},
	volume = {19},
	issn = {1067-5027},
	shorttitle = {The coming age of data-driven medicine},
	doi = {10.1136/amiajnl-2012-000969},
	number = {e1},
	urldate = {2025-08-10},
	journal = {Journal of the American Medical Informatics Association : JAMIA},
	author = {Shah, Nigam H and Tenenbaum, Jessica D},
	month = jun,
	year = {2012},
	pmid = {22718035},
	pmcid = {PMC3392866},
	pages = {e2--e4},
	file = {PubMed Central Full Text PDF:files/49/Shah und Tenenbaum - 2012 - The coming age of data-driven medicine translational bioinformatics' next frontier.pdf:application/pdf},
  note = {\url{https://doi.org/10.1136/amiajnl-2012-000969}},
}

@article{escudero_sanchez_integrating_2023,
	title = {Integrating {Artificial} {Intelligence} {Tools} in the {Clinical} {Research} {Setting}: {The} {Ovarian} {Cancer} {Use} {Case}},
	volume = {13},
	copyright = {https://creativecommons.org/licenses/by/4.0/},
	issn = {2075-4418},
	shorttitle = {Integrating {Artificial} {Intelligence} {Tools} in the {Clinical} {Research} {Setting}},
	doi = {10.3390/diagnostics13172813},
	language = {en},
	number = {17},
	urldate = {2025-07-17},
	journal = {Diagnostics},
	author = {Escudero Sanchez, Lorena and Buddenkotte, Thomas and Al Sa’d, Mohammad and McCague, Cathal and Darcy, James and Rundo, Leonardo and Samoshkin, Alex and Graves, Martin J. and Hollamby, Victoria and Browne, Paul and Crispin-Ortuzar, Mireia and Woitek, Ramona and Sala, Evis and Schönlieb, Carola-Bibiane and Doran, Simon J. and Öktem, Ozan},
	month = aug,
	year = {2023},
	pages = {2813},
	file = {Volltext:files/11/Escudero Sanchez et al. - 2023 - Integrating Artificial Intelligence Tools in the Clinical Research Setting The Ovarian Cancer Use C.pdf:application/pdf},
   note = {\url{https://doi.org/10.3390/diagnostics13172813}},
}
@article{chakrabarty_deep_2023,
	title = {Deep learning-based end-to-end scan-type classification, pre-processing, and segmentation of clinical neuro-oncology studies},
	volume = {12469},
	issn = {0277-786X},
	doi = {10.1117/12.2647656},
	language = {eng},
	journal = {Proceedings of SPIE--the International Society for Optical Engineering},
	author = {Chakrabarty, Satrajit and Abidi, Syed Amaan and Mousa, Mina and Mokkarala, Mahati and Kelsey, Matthew and LaMontagne, Pamela and Sotiras, Aristeidis and Marcus, Daniel S.},
	month = feb,
	year = {2023},
	pmid = {39263425},
	pmcid = {PMC11389857},
	keywords = {data curation, deep learning, DICOM, glioma, MRI, natural language processing, neuro-oncology, pre-processing, scan-type classification, segmentation},
	pages = {124690N},
    note      = {\url{https://doi.org/10.1117/12.2647656}},
}



@misc{internetredaktion_somnolink_nodate,
	title = {{SOMNOLINK} - {Medizininformatik}-{Use} {Case} "{Vernetzte} {Schlafdaten} und {Entscheidungshilfen} entlang des {Patientenpfads} für eine bessere {Versorgung} bei obstruktiver {Schlafapnoe}" - {DLR} {Gesundheitsforschung}},
	language = {de},
	urldate = {2025-08-04},
	journal = {Deutsche Zentrum für Luft und Raumfahrt e.V. - DLR Gesundheitsforschung},
	author = {Internetredaktion, Redaktion: BMFTR LS5},
	file = {Snapshot:files/30/somnolink-medizininformatik-use-case-vernetzte-schlafdaten-und-entscheidungshilfen-entlang-1768.html:text/html},
   note         = {/url{https://www.gesundheitsforschung-bmftr.de/de/somnolink-medizininformatik-use-case-vernetzte-schlafdaten-und-entscheidungshilfen-entlang-17686.php}[; accessed 2025-08-04]},
}

@incollection{ahad_case_2025,
	title = {Case {Studies} of {Blockchain} and {AI} {Integration} in {Medical} {Systems}:},
	isbn = {979-8-3373-0593-6 979-8-3373-0595-0},
	shorttitle = {Case {Studies} of {Blockchain} and {AI} {Integration} in {Medical} {Systems}},
	url = {https://services.igi-global.com/resolvedoi/resolve.aspx?doi=10.4018/979-8-3373-0593-6.ch006},
	language = {ng},
	urldate = {2025-08-11},
	booktitle = {{AI} and {Blockchain} {Applications} for {Privacy} and {Security} in {Smart} {Medical} {Systems}},
	publisher = {IGI Global},
	author = {Dwivedi, Bhanu and Newar, Nandini and Mahajan, Amiti and Jimmy, Abha Susan},
	editor = {Ahad, Abdul and Ullah, Farhan},
	month = apr,
	year = {2025},
	doi = {10.4018/979-8-3373-0593-6.ch006},
	pages = {133--160},
}




@article{shilo_axes_2020,
	title = {Axes of a revolution: challenges and promises of big data in healthcare},
	volume = {26},
	issn = {1078-8956, 1546-170X},
	shorttitle = {Axes of a revolution},
	doi = {10.1038/s41591-019-0727-5},
	language = {en},
	number = {1},
	urldate = {2025-08-19},
	journal = {Nature Medicine},
	author = {Shilo, Smadar and Rossman, Hagai and Segal, Eran},
	month = jan,
	year = {2020},
	pages = {29--38},
 note = {\url{https://doi.org/10.1038/s41591-019-0727-5}},


}

@online{SOMNOLINK,
  author   = {Bundesministerium für bildung und forschung},
  title    ={SOMNOLINK - Medizininformatik-Use Case "Vernetzte Schlafdaten und Entscheidungshilfen entlang des Patientenpfads für eine bessere Versorgung bei obstruktiver Schlafapnoe"},
  url    =   {https://www.gesundheitsforschung-bmftr.de/de/somnolink-medizininformatik-use-case-vernetzte-schlafdaten-und-entscheidungshilfen-entlang-17686.php},
  note   =  {Accessed on 15 October 2025},
}

@online{xnat_about,
  author       = {XNAT},
  title        = {About XNAT},
  url          = {https://xnat.org/about/},
  note         = {Accessed on 15 October 2025},
}

@online{REST_API,
 author   = {Red Hat},
 title   = {What is a REST API?},
 url     = {https://www.redhat.com/en/topics/api/what-is-a-rest-api},
 note =  {Accessed on 15 October 2025},
    }

@online{DockerContainer,
author   = {Docker Team},
title   =  {What is a container},
 url   =   {https://www.docker.com/resources/what-container/},
 note = {Accessed on 15 October 2025},}

@online{what_is_Docker_Container,
author   =   { Sematext Group},
title =   {Definition: What Is Docker?},
url   =    {https://sematext.com/glossary/docker/},
note = {Accessed on 15 October 2025},}

@online{DockerEngine,
author = {Docker docs},
title  =  {Docker Engine},
url   =   {https://docs.docker.com/engine/},
note =  {Accessed on 15 October 2025},}


@online{JSONCommand,
author = {XNAT Dokumentation},
title =  {JSON Command Definition},
url  = {https://wiki.xnat.org/container-service/json-command-definition},
note = {Accessed on 15 October 2025},}

@online{request,
author  = {W3Schools},
title  =  {Python Requests Module},
url = {https://www.w3schools.com/python/module_requests.asp},
note  = {Accessed on 15 October 2025},}

@online{pythonjson,
author  = {W3Schools},
title = {JSON in Python},
url  =  {https://www.w3schools.com/python/python_json.asp},
note = {Accessed on 15 October 2025},}


@online{os,
author  = {Python},
title = {os — Miscellaneous operating system interfaces},
url  =  {https://docs.python.org/3/library/os.html},
note = {Accessed on 15 October 2025},}

@online{subprocess,
author  = {Python},
title = {subprocess — Subprocess management},
url  =  {https://docs.python.org/3/library/subprocess.html},
note = {Accessed on 15 October 2025},}

@online{getpass,
author  = {Python},
title = {getpass — Portable password input},
url  =  {https://docs.python.org/3/library/getpass.html},
note = {Accessed on 15 October 2025},}


@online{sys,
author  = {Python},
title = {sys — System-specific parameters and functions},
url  =  {https://docs.python.org/3/library/sys.html},
note = {Accessed on 15 October 2025},}

@online{urllib3,
author  = {urllib3},
title = {urllib3},
url  =  {https://urllib3.readthedocs.io/en/stable/},
note = {Accessed on 15 October 2025},}


@online{subprocess1,
author  = {clear ad data},
title = {An Introduction to Python Subprocess: Basics and Examples},
url  =  {https://www.datacamp.com/tutorial/python-subprocess},
note = {Accessed on 15 October 2025},}


@online{hiearchiexnat,
author  = {XNAT Dokumentation},
title = {Strategies for XNAT Image Data Storage},
url  =  {https://wiki.xnat.org/documentation/strategies-for-xnat-image-data-storage},
note = {Accessed on 15 October 2025},}

@online{database,
author  = {XNAT groupe discussion},
title = {Question about running containers on all project files via REST API},
url  = {https://groups.google.com/g/xnat_discussion/c/88XPA_e5k4s},
note = {Accessed on 15 October 2025},}

@online{ContainerRESTAPILIST,
author  = {XNAT dokumentation},
title = {Container Service API},
url  =  {https://wiki.xnat.org/container-service/container-service-api},
note = {Accessed on 15 October 2025},}